@inproceedings{1_guler2018densepose,
  author    = {R{\i}za Alp G{\"u}ler and Natalia Neverova and Iasonas Kokkinos},
  title     = {DensePose: Dense human pose estimation in the wild},
  booktitle = {CVPR},
  year      = {2018}
}

@article{2_bachman2019learning,
  author    = {Philip Bachman and R Devon Hjelm and William Buchwalter},
  title     = {Learning representations by maximizing mutual information across views},
  journal   = {arXiv:1906.00910},
  year      = {2019}
}

@inproceedings{3_caron2018deep,
  author    = {Mathilde Caron and Piotr Bojanowski and Armand Joulin and Matthijs Douze},
  title     = {Deep clustering for unsupervised learning of visual features},
  booktitle = {ECCV},
  year      = {2018}
}

@inproceedings{4_caron2019unsupervised,
  author    = {Mathilde Caron and Piotr Bojanowski and Julien Mairal and Armand Joulin},
  title     = {Unsupervised pre-training of image features on non-curated data},
  booktitle = {ICCV},
  year      = {2019}
}

@inproceedings{5_chatfield2011devil,
  author    = {Ken Chatfield and Victor Lempitsky and Andrea Vedaldi and Andrew Zisserman},
  title     = {The devil is in the details: an evaluation of recent feature encoding methods},
  booktitle = {BMVC},
  year      = {2011}
}

@article{6_chen2017deeplab,
  author    = {Liang-Chieh Chen and George Papandreou and Iasonas Kokkinos and Kevin Murphy and Alan L Yuille},
  title     = {DeepLab: Semantic image segmentation with deep convolutional nets, atrous convolution, and fully connected CRFs},
  journal   = {TPAMI},
  year      = {2017}
}

@article{7_chen2020simple,
  author    = {Ting Chen and Simon Kornblith and Mohammad Norouzi and Geoffrey Hinton},
  title     = {A simple framework for contrastive learning of visual representations},
  journal   = {arXiv:2002.05709},
  year      = {2020}
}

@article{8_chen2020improved,
  author    = {Xinlei Chen and Haoqi Fan and Ross Girshick and Kaiming He},
  title     = {Improved baselines with momentum contrastive learning},
  journal   = {arXiv:2003.04297},
  year      = {2020}
}

@inproceedings{9_coates2011importance,
  author    = {Adam Coates and Andrew Ng},
  title     = {The importance of encoding versus training with sparse coding and vector quantization},
  booktitle = {ICML},
  year      = {2011}
}

@inproceedings{10_cordts2016cityscapes,
  author    = {Marius Cordts and Mohamed Omran and Sebastian Ramos and Timo Rehfeld and Markus Enzweiler and Rodrigo Benenson and Uwe Franke and Stefan Roth and Bernt Schiele},
  title     = {The Cityscapes dataset for semantic urban scene understanding},
  booktitle = {CVPR},
  year      = {2016}
}

@inproceedings{11_deng2009imagenet,
  author    = {Jia Deng and Wei Dong and Richard Socher and Li-Jia Li and Kai Li and Li Fei-Fei},
  title     = {ImageNet: A large-scale hierarchical image database},
  booktitle = {CVPR},
  year      = {2019}
}

@inproceedings{12_devlin2019bert,
  author    = {Jacob Devlin and Ming-Wei Chang and Kenton Lee and Kristina Toutanova},
  title     = {BERT: Pre-training of deep bidirectional transformers for language understanding},
  booktitle = {NAACL},
  year      = {2019}
}

@inproceedings{13_doersch2015unsupervised,
  author    = {Carl Doersch and Abhinav Gupta and Alexei A Efros},
  title     = {Unsupervised visual representation learning by context prediction},
  booktitle = {ICCV},
  year      = {2015}
}

@inproceedings{14_doersch2017multi,
  author    = {Carl Doersch and Andrew Zisserman},
  title     = {Multi-task self-supervised visual learning},
  booktitle = {ICCV},
  year      = {2017}
}

@inproceedings{15_donahue2017adversarial,
  author    = {Jeff Donahue and Philipp Kr{\"a}henb{\"u}hl and Trevor Darrell},
  title     = {Adversarial feature learning},
  booktitle = {ICLR},
  year      = {2017}
}

@article{16_donahue2019large,
  author    = {Jeff Donahue and Karen Simonyan},
  title     = {Large scale adversarial representation learning},
  journal   = {arXiv:1907.02544},
  year      = {2019}
}

@inproceedings{17_dosovitskiy2014discriminative,
  author    = {Alexey Dosovitskiy and Jost Tobias Springenberg and Martin Riedmiller and Thomas Brox},
  title     = {Discriminative unsupervised feature learning with convolutional neural networks},
  booktitle = {NeurIPS},
  year      = {2014}
}

@article{18_everingham2010pascal,
  author    = {Mark Everingham and Luc Van Gool and Christopher KI Williams and John Winn and Andrew Zisserman},
  title     = {The Pascal Visual Object Classes (VOC) Challenge},
  journal   = {IJCV},
  year      = {2010}
}

@inproceedings{19_gidaris2018unsupervised,
  author    = {Spyros Gidaris and Praveer Singh and Nikos Komodakis},
  title     = {Unsupervised representation learning by predicting image rotations},
  booktitle = {ICLR},
  year      = {2018}
}

@inproceedings{20_girshick2015fast,
  author    = {Ross Girshick},
  title     = {Fast R-CNN},
  booktitle = {ICCV},
  year      = {2015}
}

@inproceedings{21_girshick2014rich,
  author    = {Ross Girshick and Jeff Donahue and Trevor Darrell and Jitendra Malik},
  title     = {Rich feature hierarchies for accurate object detection and semantic segmentation},
  booktitle = {CVPR},
  year      = {2014}
}

@article{22_girshick2018detectron,
  author    = {Ross Girshick and Ilija Radosavovic and Georgia Gkioxari and Piotr Doll{\'a}r and Kaiming He},
  title     = {Detectron},
  year      = {2018}
}

@inproceedings{23_gomez2017reversible,
  author    = {Aidan N Gomez and Mengye Ren and Raquel Urtasun and Roger B Grosse},
  title     = {The reversible residual network: Backpropagation without storing activations},
  booktitle = {NeurIPS},
  year      = {2017}
}

@inproceedings{24_goodfellow2014generative,
  author    = {Ian Goodfellow and Jean Pouget-Abadie and Mehdi Mirza and Bing Xu and David Warde-Farley and Sherjil Ozair and Aaron Courville and Yoshua Bengio},
  title     = {Generative adversarial nets},
  booktitle = {NeurIPS},
  year      = {2014}
}

@article{25_goyal2017accurate,
  author    = {Priya Goyal and Piotr Doll{\'a}r and Ross Girshick and Pieter Noordhuis and Lukasz Wesolowski and Aapo Kyrola and Andrew Tulloch and Yangqing Jia and Kaiming He},
  title     = {Accurate, large minibatch SGD: Training ImageNet in 1 hour},
  journal   = {arXiv:1706.02677},
  year      = {2017}
}

@inproceedings{26_goyal2019scaling,
  author    = {Priya Goyal and Dhruv Mahajan and Abhinav Gupta and Ishan Misra},
  title     = {Scaling and benchmarking self-supervised visual representation learning},
  booktitle = {ICCV},
  year      = {2019}
}

@inproceedings{27_gupta2019lvis,
  author    = {Agrim Gupta and Piotr Dollar and Ross Girshick},
  title     = {LVIS: A dataset for large vocabulary instance segmentation},
  booktitle = {CVPR},
  year      = {2019}
}

@inproceedings{28_gutmann2010noise,
  author    = {Michael Gutmann and Aapo Hyv{\"a}rinen},
  title     = {Noise-contrastive estimation: A new estimation principle for unnormalized statistical models},
  booktitle = {AISTATS},
  year      = {2010}
}

@inproceedings{29_hadsell2006dimensionality,
  author    = {Raia Hadsell and Sumit Chopra and Yann LeCun},
  title     = {Dimensionality reduction by learning an invariant mapping},
  booktitle = {CVPR},
  year      = {2016}
}

@inproceedings{30_hariharan2011semantic,
  author    = {Bharath Hariharan and Pablo Arbel{\'a}ez and Lubomir Bourdev and Subhransu Maji and Jitendra Malik},
  title     = {Semantic contours from inverse detectors},
  booktitle = {ICCV},
  year      = {2011}
}

@inproceedings{31_he2019rethinking,
  author    = {Kaiming He and Ross Girshick and Piotr Doll{\'a}r},
  title     = {Rethinking ImageNet pre-training},
  booktitle = {ICCV},
  year      = {2019}
}

@inproceedings{32_he2017mask,
  author    = {Kaiming He and Georgia Gkioxari and Piotr Doll{\'a}r and Ross Girshick},
  title     = {Mask R-CNN},
  booktitle = {ICCV},
  year      = {2017}
}

@inproceedings{33_he2016deep,
  author    = {Kaiming He and Xiangyu Zhang and Shaoqing Ren and Jian Sun},
  title     = {Deep residual learning for image recognition},
  booktitle = {CVPR},
  year      = {2016}
}

@inproceedings{34_he2016identity,
  author    = {Kaiming He and Xiangyu Zhang and Shaoqing Ren and Jian Sun},
  title     = {Identity mappings in deep residual networks},
  booktitle = {ECCV},
  year      = {2016}
}

@article{35_henaff2019data,
  author    = {Olivier J H{\'e}naff and Ali Razavi and Carl Doersch and SM Eslami and Aaron van den Oord},
  title     = {Data-efficient image recognition with contrastive predictive coding},
  journal   = {arXiv:1905.09272},
  year      = {2019}
}

@inproceedings{36_hjelm2019learning,
  author    = {R Devon Hjelm and Alex Fedorov and Samuel Lavoie-Marchildon and Karan Grewal and Adam Trischler and Yoshua Bengio},
  title     = {Learning deep representations by mutual information estimation and maximization},
  booktitle = {ICLR},
  year      = {2019}
}

@inproceedings{37_ioffe2015batch,
  author    = {Sergey Ioffe and Christian Szegedy},
  title     = {Batch normalization: Accelerating deep network training by reducing internal covariate shift},
  booktitle = {ICML},
  year      = {2015}
}

@inproceedings{38_kolesnikov2019revisiting,
  author    = {Alexander Kolesnikov and Xiaohua Zhai and Lucas Beyer},
  title     = {Revisiting self-supervised visual representation learning},
  booktitle = {CVPR},
  year      = {2019}
}

@article{39_lecun1989backpropagation,
  author    = {Yann LeCun and Bernhard Boser and John S Denker and Donnie Henderson and Richard E Howard and Wayne Hubbard and Lawrence D Jackel},
  title     = {Backpropagation applied to handwritten zip code recognition},
  journal   = {Neural computation},
  year      = {1989}
}

@article{40_lim2019fast,
  author    = {Sungbin Lim and Ildoo Kim and Taesup Kim and Chiheon Kim and Sungwoong Kim},
  title     = {Fast AutoAugment},
  journal   = {arXiv:1905.00397},
  year      = {2019}
}

@inproceedings{41_lin2017feature,
  author    = {Tsung-Yi Lin and Piotr Doll{\'a}r and Ross Girshick and Kaiming He and Bharath Hariharan and Serge Belongie},
  title     = {Feature pyramid networks for object detection},
  booktitle = {CVPR},
  year      = {2017}
}

@inproceedings{42_lin2014microsoft,
  author    = {Tsung-Yi Lin and Michael Maire and Serge Belongie and James Hays and Pietro Perona and Deva Ramanan and Piotr Doll{\'a}r and C Lawrence Zitnick},
  title     = {Microsoft COCO: Common objects in context},
  booktitle = {ECCV},
  year      = {2014}
}

@inproceedings{43_long2015fully,
  author    = {Jonathan Long and Evan Shelhamer and Trevor Darrell},
  title     = {Fully convolutional networks for semantic segmentation},
  booktitle = {CVPR},
  year      = {2015}
}

@inproceedings{44_mahajan2018exploring,
  author    = {Dhruv Mahajan and Ross Girshick and Vignesh Ramanathan and Kaiming He and Manohar Paluri and Yixuan Li and Ashwin Bharambe and Laurens van der Maaten},
  title     = {Exploring the limits of weakly supervised pretraining},
  booktitle = {ECCV},
  year      = {2018}
}

@inproceedings{45_noroozi2016unsupervised,
  author    = {Mehdi Noroozi and Paolo Favaro},
  title     = {Unsupervised learning of visual representations by solving jigsaw puzzles},
  booktitle = {ECCV},
  year      = {2016}
}

@article{46_oord2018representation,
  author    = {Aaron van den Oord and Yazhe Li and Oriol Vinyals},
  title     = {Representation learning with contrastive predictive coding},
  journal   = {arXiv:1807.03748},
  year      = {2018}
}

@inproceedings{47_pathak2017learning,
  author    = {Deepak Pathak and Ross Girshick and Piotr Doll{\'a}r and Trevor Darrell and Bharath Hariharan},
  title     = {Learning features by watching objects move},
  booktitle = {CVPR},
  year      = {2017}
}

@inproceedings{48_pathak2016context,
  author    = {Deepak Pathak and Philipp Krahenbuhl and Jeff Donahue and Trevor Darrell and Alexei A Efros},
  title     = {Context encoders: Feature learning by inpainting},
  booktitle = {CVPR},
  year      = {2016}
}

@inproceedings{49_peng2018megdet,
  author    = {Chao Peng and Tete Xiao and Zeming Li and Yuning Jiang and Xiangyu Zhang and Kai Jia and Gang Yu and Jian Sun},
  title     = {MegDet: A large mini-batch object detector},
  booktitle = {CVPR},
  year      = {2018}
}

@article{50_radford2018improving,
  author    = {Alec Radford and Karthik Narasimhan and Tim Salimans and Ilya Sutskever},
  title     = {Improving language understanding by generative pre-training},
  year      = {2018}
}

@article{51_radford2019language,
  author    = {Alec Radford and Jeffrey Wu and Rewon Child and David Luan and Dario Amodei and Ilya Sutskever},
  title     = {Language models are unsupervised multitask learners},
  year      = {2019}
}

@inproceedings{52_ren2015faster,
  author    = {Saoqing Ren and Kaiming He and Ross Girshick and Jian Sun},
  title     = {Faster R-CNN: Towards real-time object detection with region proposal networks},
  booktitle = {NeurIPS},
  year      = {2015}
}

@inproceedings{53_simonyan2015very,
  author    = {Karen Simonyan and Andrew Zisserman},
  title     = {Very deep convolutional networks for large-scale image recognition},
  booktitle = {ICLR},
  year      = {2015}
}

@inproceedings{54_sivic2003video,
  author    = {Jost Sivic and Andrew Zisserman},
  title     = {Video Google: a text retrieval approach to object matching in videos},
  booktitle = {ICCV},
  year      = {2003}
}

@article{55_thomee2016yfcc100m,
  author    = {Bart Thomee and David A Shamma and Gerald Friedland and Benjamin Elizalde and Karl Ni and Douglas Poland and Damian Borth and Li-Jia Li},
  title     = {YFCC100M: The new data in multimedia research},
  journal   = {Communications of the ACM},
  year      = {2016}
}

@article{56_tian2019contrastive,
  author    = {Yonglong Tian and Dilip Krishnan and Phillip Isola},
  title     = {Contrastive multiview coding},
  journal   = {arXiv:1906.05849},
  year      = {2019}
}

@inproceedings{57_vanhorn2018inaturalist,
  author    = {Grant Van Horn and Oisin Mac Aodha and Yang Song and Yin Cui and Chen Sun and Alex Shepard and Hartwig Adam and Pietro Perona and Serge Belongie},
  title     = {The iNaturalist species classification and detection dataset},
  booktitle = {CVPR},
  year      = {2018}
}

@inproceedings{58_vincent2008denoising,
  author    = {Pascal Vincent and Hugo Larochelle and Yoshua Bengio and Pierre-Antoine Manzagol},
  title     = {Extracting and composing robust features with denoising autoencoders},
  booktitle = {ICML},
  year      = {2008}
}

@inproceedings{59_wang2015unsupervised,
  author    = {Xiaolong Wang and Abhinav Gupta},
  title     = {Unsupervised learning of visual representations using videos},
  booktitle = {ICCV},
  year      = {2015}
}

@misc{60_wu2019detectron2,
  author    = {Yuxin Wu and Alexander Kirillov and Francisco Massa and Wan-Yen Lo and Ross Girshick},
  title     = {Detectron2},
  year      = {2019},
  url       = {https://github.com/facebookresearch/detectron2}
}

@inproceedings{61_wu2018unsupervised,
  author    = {Zhirong Wu and Yuanjun Xiong and Stella Yu and Dahua Lin},
  title     = {Unsupervised feature learning via non-parametric instance discrimination},
  booktitle = {CVPR},
  year      = {2018},
  note      = {Updated version accessed at: \url{https://arxiv.org/abs/1805.01978v1}}
}

@inproceedings{62_xie2017residual,
  author    = {Saining Xie and Ross Girshick and Piotr Doll{\'a}r and Zhuowen Tu and Kaiming He},
  title     = {Aggregated residual transformations for deep neural networks},
  booktitle = {CVPR},
  year      = {2017}
}

@inproceedings{63_ye2019unsupervised,
  author    = {Mang Ye and Xu Zhang and Pong C Yuen and Shih-Fu Chang},
  title     = {Unsupervised embedding learning via invariant and spreading instance feature},
  booktitle = {CVPR},
  year      = {2019}
}

@inproceedings{64_zhang2016colorful,
  author    = {Richard Zhang and Phillip Isola and Alexei A Efros},
  title     = {Colorful image colorization},
  booktitle = {ECCV},
  year      = {2016}
}

@inproceedings{65_zhang2017splitbrain,
  author    = {Richard Zhang and Phillip Isola and Alexei A Efros},
  title     = {Split-brain autoencoders: Unsupervised learning by cross-channel prediction},
  booktitle = {CVPR},
  year      = {2017}
}

@inproceedings{66_zhuang2019local,
  author    = {Chengxu Zhuang and Alex Lin Zhai and Daniel Yamins},
  title     = {Local aggregation for unsupervised learning of visual embeddings},
  booktitle = {ICCV},
  year      = {2019},
  note      = {Additional results accessed from supplementary materials}
}